@article{schnitzer2012cubic,
  title = {Non-linear electrophoresis of a highly charged colloidal particle},
  author = {Schnitzer, O. and Yariv, E.},
  journal = {To be submitted},
  year = {2012},
}

@article{schnitzer2012surface,
  title = {Macroscale description of electrokinetic flows at large zeta potentials: Nonlinear surface conduction},
  author = {Schnitzer, O. and Yariv, E.},
  journal = {Phys. Rev. E},
  volume = {86},
  issue = {2},
  pages = {021503},
  numpages = {17},
  year = {2012},
  month = {Aug},
  doi = {10.1103/PhysRevE.86.021503},
  url = {http://link.aps.org/doi/10.1103/PhysRevE.86.021503},
  publisher = {American Physical Society}
}


@article{nischang2007,
author = {Nischang, I. and Reichl, U. and Seidel-Morgenstern, A. and Tallarek, U.},
title = {Concentration Polarization and Nonequilibrium Electroosmotic Slip in Dense Multiparticle Systems},
journal = {Langmuir},
volume = {23},
number = {18},
pages = {9271-9281},
year = {2007},
doi = {10.1021/la700691k},
URL = {http://pubs.acs.org/doi/abs/10.1021/la700691k},
eprint = {http://pubs.acs.org/doi/pdf/10.1021/la700691k}
}

@article{leinweber2004,
author = {Leinweber, F. C. and Tallarek, U.},
title = {Nonequilibrium Electrokinetic Effects in Beds of Ion-Permselective Particles},
journal = {Langmuir},
volume = {20},
number = {26},
pages = {11637-11648},
year = {2004},
doi = {10.1021/la048408n},
note ={PMID: 15595793},

URL = {http://pubs.acs.org/doi/abs/10.1021/la048408n},
eprint = {http://pubs.acs.org/doi/pdf/10.1021/la048408n}
}

@misc{source,
  author = {R. Zeyde},
  title = {{Electrokinetic Solver Source Code}},
  howpublished = "\url{http://github.com/romanz/thesis}",
  year = {2012}
}

@book{masliyah2005book,
 title = {Electrokinetic and Colloid Transport Phenomena},
 author = {Masliyah, J. H. and Bhattacharjee, S.},
 publisher = {John Wiley \& Sons, Inc.},
 pages = {13--32},
 year = {2005}
}

@book{bard2000book,
  title={{Electrochemical Methods - Fundamentals and Applications}},
  author={Bard, A. and Faulkner, L},
  publisher={Wiley},
  year={2001}
}

@book{kirby2010book,
  title={{Micro- and Nanoscale Fluid Mechanics -- Transport in Microfluidic Devices}},
  author={Kirby, B.},
  publisher={Cambridge Univ Press},
  year={2010}
}

@book{saad2003book,
  title={{Iterative Methods for Sparse Linear Systems}},
  author={Saad, Y.},
  publisher={SIAM},
  year={2003}
}

@article{yariv2010asymptotic,
  title={{An asymptotic derivation of the thin-Debye-layer limit for electrokinetic phenomena}},
  author={Yariv, E.},
  journal={Chemical Engineering Communications},
  volume={197},
  number={1},
  pages={3--17},
  year={2010},
  publisher={Taylor \& Francis}
}

@article{yariv2010migration,
  title={{Migration of ion-exchange particles driven by a uniform electric field}},
  author={Yariv, E.},
  journal={Journal of Fluid Mechanics},
  volume = {655},
  pages={1--17},
  year={2010},
  publisher={Cambridge Univ Press}
}

@article{pumera2010electrochemically,
  title={{Electrochemically powered self-propelled electrophoretic nanosubmarines}},
  author={Pumera, M.},
  journal={Nanoscale},
  volume={2},
  number={9},
  pages={1643--1649},
  year={2010},
  publisher={Royal Society of Chemistry}
}

@article{rubinstein2001electro,
  title={{Electro-osmotic slip of the second kind and instability in concentration polarization at electrodialysis membranes}},
  author={Rubinstein, I. and Zaltzman, B.},
  journal={Mathematical Models and Methods in Applied Sciences},
  volume={11},
  number={2},
  pages={263--300},
  year={2001},
  publisher={WORLD SCIENTIFIC}
}

@article{paxton2004catalytic,
  title={{Catalytic nanomotors: autonomous movement of striped nanorods}},
  author={Paxton, W.F. and Kistler, K.C. and Olmeda, C.C. and Sen, A. and Angelo, S.K.S. and Cao, Y. and Mallouk, T.E. and Lammert, P.E. and Crespi, V.H.},
  journal={J. Am. Chem. Soc},
  volume={126},
  number={41},
  pages={13424--13431},
  year={2004},
  publisher={ACS Publications}
}

@article{howse2007self,
  title={{Self-motile colloidal particles: from directed propulsion to random walk}},
  author={Howse, J.R. and Jones, R.A.L. and Ryan, A.J. and Gough, T. and Vafabakhsh, R. and Golestanian, R.},
  journal={Physical review letters},
  volume={99},
  number={4},
  pages={48102},
  year={2007},
  publisher={APS}
}

@article{vanka1986block,
  title={{Block-implicit multigrid solution of Navier-Stokes equations in primitive variables}},
  author={Vanka, SP},
  journal={Journal of Computational Physics},
  volume={65},
  number={1},
  pages={138--158},
  year={1986},
  publisher={Elsevier}
}

@article{sidi1991efficient,
  title={{Efficient implementation of minimal polynomial and reduced rank extrapolation methods}},
  author={Sidi, A.},
  journal={Journal of Computational and Applied Mathematics},
  volume={36},
  number={3},
  pages={305--337},
  year={1991},
  publisher={Elsevier}
}

@article{brandt1977multi,
  title={{Multi-Level Adaptive Solutions}},
  author={Brandt, A.},
  journal={Mathematics of computation},
  volume={31},
  number={138},
  pages={333--390},
  year={1977}
}

@article{yavneh2006multigrid,
  title={{Why multigrid methods are so efficient}},
  author={Yavneh, I.},
  journal={Computing in Science and Engineering},
  volume={8},
  number={6},
  pages={12},
  year={2006},
  publisher={Citeseer}
}

@article{ben2002vortex,
author = {Ben,Y. and Chang,H.-C.},
title = {Nonlinear Smoluchowski slip velocity and  micro-vortex generation},
journal = {Journal of Fluid Mechanics},
volume = {461},
number = { },
pages = {229-238},
year = {2002},
}

@article{wang2004mix,
author = {Wang, Shau-Chun and Lai, Yi-Wen and Ben, Yuxing and Chang, Hsueh-Chia},
title = {Microfluidic Mixing by dc and ac Nonlinear Electrokinetic Vortex Flows},
journal = {Industrial \& Engineering Chemistry Research},
volume = {43},
number = {12},
pages = {2902-2911},
year = {2004},
}

@article{erickson2004integrated,
  title={Integrated microfluidic devices},
  author={Erickson, D. and Li, D.},
  journal={Analytica Chimica Acta},
  volume={507},
  number={1},
  pages={11--26},
  year={2004},
  publisher={Elsevier}
}

@article{squires2005microfluidics,
  title={Microfluidics: Fluid physics at the nanoliter scale},
  author={Squires, T.M. and Quake, S.R.},
  journal={Reviews of modern physics},
  volume={77},
  number={3},
  pages={977},
  year={2005},
  publisher={APS}
}

@book{hardt2007microfluidic,
  title={Microfluidic technologies for miniaturized analysis systems},
  author={Hardt, S. and Sch{\"o}nfeld, F.},
  volume={18},
  year={2007},
  publisher={Springer}
}

@article{horsman2007forensic,
  title={Forensic DNA analysis on microfluidic devices: a review},
  author={Horsman, K.M. and Bienvenue, J.M. and Blasier, K.R. and Landers, J.P.},
  journal={Journal of forensic sciences},
  volume={52},
  number={4},
  pages={784--799},
  year={2007},
  publisher={Wiley Online Library}
}

@article{wu2004chemical,
  title={Chemical cytometry on a picoliter-scale integrated microfluidic chip},
  author={Wu, H. and Wheeler, A. and Zare, R.N.},
  journal={Proceedings of the National Academy of Sciences of the United States of America},
  volume={101},
  number={35},
  pages={12809--12813},
  year={2004},
  publisher={National Acad Sciences}
}

@book{weinberger1993practical,
  title={Practical capillary electrophoresis},
  author={Weinberger, R.},
  year={1993},
  publisher={Academic Press San Diego, CA:}
}

@article{kothare2006dynamics,
  title={Dynamics and control of integrated microchemical systems with application to micro-scale fuel processing},
  author={Kothare, MV},
  journal={Computers \& chemical engineering},
  volume={30},
  number={10},
  pages={1725--1734},
  year={2006},
  publisher={Elsevier}
}

@article{losey2001microfabricated,
  title={Microfabricated multiphase packed-bed reactors: Characterization of mass transfer and reactions},
  author={Losey, M.W. and Schmidt, M.A. and Jensen, K.F.},
  journal={Industrial \& engineering chemistry research},
  volume={40},
  number={12},
  pages={2555--2562},
  year={2001},
  publisher={ACS Publications}
}

@article{kim2010direct,
  title={Direct seawater desalination by ion concentration polarization},
  author={Kim, S.J. and Ko, S.H. and Kang, K.H. and Han, J.},
  journal={Nature Nanotechnology},
  volume={5},
  number={4},
  pages={297--301},
  year={2010},
  publisher={Nature Publishing Group}
}

@article{santini2000microchips,
  title={Microchips as controlled drug-delivery devices},
  author={Santini Jr, J.T. and Richards, A.C. and Scheidt, R. and Cima, M.J. and Langer, R.},
  journal={Angewandte Chemie International Edition},
  volume={39},
  number={14},
  pages={2396--2407},
  year={2000}
}

@book{ferziger1999computational,
  title={Computational methods for fluid dynamics},
  author={Ferziger, J.H. and Peri{\'c}, M.},
  volume={2},
  year={1999},
  publisher={Springer Berlin etc}
}
