@misc{source,
  author = {Roman Zeyde},
  title = {{Electrokinetic Solver Source Code}},
  howpublished = "\url{http://github.com/romanz/thesis}",
  year = {2012}
}

@book{masliyah2005book,
 title = {Electrokinetic and Colloid Transport Phenomena},
 author = {Masliyah, Jacob H. and Bhattacharjee, Subir},
 publisher = {John Wiley \& Sons, Inc.},
 pages = {13--32},
 year = {2005}
}

@book{bard2000book,
  title={{Electrochemical Methods - Fundamentals and Applications}},
  author={Bard, A. and Faulkner, L},
  publisher={Wiley},
  year={2001}
}

@book{kirby2010book,
  title={{Micro- and Nanoscale Fluid Mechanics -- Transport in Microfluidic Devices}},
  author={Kirby, B.},
  publisher={Cambridge Univ Press},
  year={2010}
}

@article{yariv2010asymptotic,
  title={{An asymptotic derivation of the thin-Debye-layer limit for electrokinetic phenomena}},
  author={Yariv, E.},
  journal={Chemical Engineering Communications},
  volume={197},
  number={1},
  pages={3--17},
  year={2010},
  publisher={Taylor \& Francis}
}

@article{yariv2010migration,
  title={{Migration of ion-exchange particles driven by a uniform electric field}},
  author={Yariv, E.},
  journal={Journal of Fluid Mechanics},
  volume = {655},
  pages={1--17},
  year={2010},
  publisher={Cambridge Univ Press}
}

@article{pumera2010electrochemically,
  title={{Electrochemically powered self-propelled electrophoretic nanosubmarines}},
  author={Pumera, M.},
  journal={Nanoscale},
  volume={2},
  number={9},
  pages={1643--1649},
  year={2010},
  publisher={Royal Society of Chemistry}
}

@article{rubinstein2001electro,
  title={{Electro-osmotic slip of the second kind and instability in concentration polarization at electrodialysis membranes}},
  author={Rubinstein, I. and Zaltzman, B.},
  journal={Mathematical Models and Methods in Applied Sciences},
  volume={11},
  number={2},
  pages={263--300},
  year={2001},
  publisher={WORLD SCIENTIFIC}
}

@article{paxton2004catalytic,
  title={{Catalytic nanomotors: autonomous movement of striped nanorods}},
  author={Paxton, W.F. and Kistler, K.C. and Olmeda, C.C. and Sen, A. and Angelo, S.K.S. and Cao, Y. and Mallouk, T.E. and Lammert, P.E. and Crespi, V.H.},
  journal={J. Am. Chem. Soc},
  volume={126},
  number={41},
  pages={13424--13431},
  year={2004},
  publisher={ACS Publications}
}

@article{howse2007self,
  title={{Self-motile colloidal particles: from directed propulsion to random walk}},
  author={Howse, J.R. and Jones, R.A.L. and Ryan, A.J. and Gough, T. and Vafabakhsh, R. and Golestanian, R.},
  journal={Physical review letters},
  volume={99},
  number={4},
  pages={48102},
  year={2007},
  publisher={APS}
}

@article{vanka1986block,
  title={{Block-implicit multigrid solution of Navier-Stokes equations in primitive variables}},
  author={Vanka, SP},
  journal={Journal of Computational Physics},
  volume={65},
  number={1},
  pages={138--158},
  year={1986},
  publisher={Elsevier}
}

@article{sidi1991efficient,
  title={{Efficient implementation of minimal polynomial and reduced rank extrapolation methods}},
  author={Sidi, A.},
  journal={Journal of Computational and Applied Mathematics},
  volume={36},
  number={3},
  pages={305--337},
  year={1991},
  publisher={Elsevier}
}

@article{brandt1977multi,
  title={{Multi-Level Adaptive Solutions}},
  author={Brandt, A.},
  journal={Mathematics of computation},
  volume={31},
  number={138},
  pages={333--390},
  year={1977}
}

@article{yavneh2006multigrid,
  title={{Why multigrid methods are so efficient}},
  author={Yavneh, I.},
  journal={Computing in Science and Engineering},
  volume={8},
  number={6},
  pages={12},
  year={2006},
  publisher={Citeseer}
}

@article{ben2002vortex,
author = {Ben,Y. and Chang,H.-C.},
title = {Nonlinear Smoluchowski slip velocity and  micro-vortex generation},
journal = {Journal of Fluid Mechanics},
volume = {461},
number = { },
pages = {229-238},
year = {2002},
}

@article{wang2004mix,
author = {Wang, Shau-Chun and Lai, Yi-Wen and Ben, Yuxing and Chang, Hsueh-Chia},
title = {Microfluidic Mixing by dc and ac Nonlinear Electrokinetic Vortex Flows},
journal = {Industrial \& Engineering Chemistry Research},
volume = {43},
number = {12},
pages = {2902-2911},
year = {2004},
}
